@article {Toulouse,
    AUTHOR = {Scholze, Peter},
     TITLE = {Canonical {$q$}-deformations in arithmetic geometry},
   JOURNAL = {Ann. Fac. Sci. Toulouse Math. (6)},
  FJOURNAL = {Annales de la Facult\'{e} des Sciences de Toulouse S\'{e}rie 6},
    VOLUME = {26},
      YEAR = {2017},
    NUMBER = {5},
     PAGES = {1163--1192},
       %DOI = {10.5802/afst.1563},
       %URL = {https://doi.org/10.5802/afst.1563},
} 

@misc{Prismatic,
      title={Prisms and Prismatic Cohomology}, 
      author={Bhargav Bhatt and Peter Scholze},
      year={2019},
      eprint={1905.08229},
      archivePrefix={arXiv},
      primaryClass={math.AG}
}

@misc{HabiroRingOfNumberField,
  title={The {H}abiro Ring of a Number Field},
  author = {Garoufalidis, Stavros and Scholze, Peter and Zagier, Don},
  note = {in preparation.}
}

@mastersthesis{MasterThesis,
shorthand = {Wag21},
  title={On $q$-de Rham Cohomology},
  author = {Wagner, Ferdinand},
  school = {University of Bonn},
  %note = {Available at \url{https://guests.mpim-bonn.mpg.de/ferdinand/q-deRham.pdf}},
  year = {2021},
  addendum = {Available at \url{https://guests.mpim-bonn.mpg.de/ferdinand/q-deRham.pdf}},
}

@article {BMS1,
    AUTHOR = {Bhatt, Bhargav and Morrow, Matthew and Scholze, Peter},
     TITLE = {Integral {$p$}-adic {H}odge theory},
   JOURNAL = {Publ. Math. Inst. Hautes \'{E}tudes Sci.},
  FJOURNAL = {Publications Math\'{e}matiques de l'IH\'{E}S},
    VOLUME = {128},
      YEAR = {2018},
     PAGES = {219--397},
       %DOI = {10.1007/s10240-019-00102-z},
       %URL = {https://doi.org/10.1007/s10240-019-00102-z},
}

@misc{Stacks,
  shorthand    = {Stacks},
  author       = {The {Stacks Project Authors}},
  title        = {The {S}tacks {P}roject},
  %howpublished = {Available at \url{http://stacks.math.columbia.edu}},
  year         = {2023},
  addendum = {Available at \url{http://stacks.math.columbia.edu}},
}

@misc{Kerodon,
  shorthand    = {L\vphantom{1}-\vphantom{3}Ker},
  author       = {Lurie, Jacob},
  title        = {Kerodon},
  %howpublished = {Available at \url{http://stacks.math.columbia.edu}},
  year         = {2023},
  addendum = {Available at \url{https://kerodon.net}},
}

@misc{BhattDeJong,
      title={Crystalline cohomology and de {R}ham cohomology},
      author={Bhargav Bhatt and Aise Johan de Jong},
      year={2011},
      eprint={1110.5001},
      archivePrefix={arXiv},
      primaryClass={math.AG}
}

@article {Illusie,
    AUTHOR = {Illusie, Luc},
     TITLE = {Complexe de de {R}ham-{W}itt et cohomologie cristalline},
   JOURNAL = {Ann. Sci. \'{E}cole Norm. Sup. (4)},
  FJOURNAL = {Annales Scientifiques de l'\'{E}cole Normale Sup\'{e}rieure, Quatri\`eme
              S\'{e}rie},
    VOLUME = {12},
      YEAR = {1979},
    NUMBER = {4},
     PAGES = {501--661},
       %URL = {http://www.numdam.org/item?id=ASENS_1979_4_12_4_501_0},
}

@article {Katz,
    AUTHOR = {Katz, Nicholas M.},
     TITLE = {Nilpotent connections and the monodromy theorem:
              {A}pplications of a result of {T}urrittin},
   JOURNAL = {Inst. Hautes \'{E}tudes Sci. Publ. Math.},
  FJOURNAL = {Institut des Hautes \'{E}tudes Scientifiques. Publications
              Math\'{e}matiques},
    NUMBER = {39},
      YEAR = {1970},
     PAGES = {175--232},
       %URL = {http://www.numdam.org/item?id=PMIHES_1970__39__175_0},
}

@article {LangerZink,
    AUTHOR = {Langer, Andreas and Zink, Thomas},
     TITLE = {De {R}ham-{W}itt cohomology for a proper and smooth morphism},
   JOURNAL = {J. Inst. Math. Jussieu},
  FJOURNAL = {Journal de l'Institut de Math\'{e}matiques de Jussieu},
    VOLUME = {3},
      YEAR = {2004},
    NUMBER = {2},
     PAGES = {231--314},
       %DOI = {10.1017/S1474748004000088},
}

@online{Kedlaya,
	author = {Kedlaya, Kiran S.},
	title = {Notes on Prismatic Cohomology},
	year = {Notes from a graduate topics course at UC San Diego (spring 2021). Available at \url{https://kskedlaya.org/prismatic} (accessed 16$^{\text{th}}$ November 2021)},
	%url = {https://kskedlaya.org/prismatic},
}

@book {BerthelotOgus,
    AUTHOR = {Berthelot, Pierre and Ogus, Arthur},
     TITLE = {Notes on crystalline cohomology},
 PUBLISHER = {Princeton University Press, Princeton, N.J.; University of
              Tokyo Press, Tokyo},
      YEAR = {1978},
     PAGES = {vi+243},
}

@article {SaturatedDeRhamWitt,
    AUTHOR = {Bhatt, Bhargav and Lurie, Jacob and Mathew, Akhil},
     TITLE = {Revisiting the de {R}ham-{W}itt complex},
   JOURNAL = {Ast\'{e}risque},
  FJOURNAL = {Ast\'{e}risque},
    VOLUME = {424},
      YEAR = {2021},
     PAGES = {1--165},
     %PAGES = {viii+165},
      %eprint={1805.05501},
      %archivePrefix={arXiv},
      %primaryClass={math.AG}
}

@article {ElkikAlgebraisation,
    AUTHOR = {Elkik, Ren\'{e}e},
     TITLE = {Solutions d'\'{e}quations \`a coefficients dans un anneau hens\'{e}lien},
   JOURNAL = {Ann. Sci. \'{E}cole Norm. Sup. (4)},
  FJOURNAL = {Annales Scientifiques de l'\'{E}cole Normale Sup\'{e}rieure. Quatri\`eme
              S\'{e}rie},
    VOLUME = {6},
      YEAR = {1973},
     PAGES = {553--603 (1974)},
       %URL = {http://www.numdam.org/item?id=ASENS_1973_4_6_4_553_0},
}

@article {HesselholtBigDeRhamWitt,
    AUTHOR = {Hesselholt, Lars},
     TITLE = {The big de {R}ham-{W}itt complex},
   JOURNAL = {Acta Math.},
  FJOURNAL = {Acta Mathematica},
    VOLUME = {214},
      YEAR = {2015},
    NUMBER = {1},
     PAGES = {135--207},
       %DOI = {10.1007/s11511-015-0124-y},
}

@article {HesselholtMadsen,
    AUTHOR = {Hesselholt, Lars and Madsen, Ib},
     TITLE = {On the {$K$}-theory of local fields},
   JOURNAL = {Ann. of Math. (2)},
  FJOURNAL = {Annals of Mathematics. Second Series},
    VOLUME = {158},
      YEAR = {2003},
    NUMBER = {1},
     PAGES = {1--113},
       %DOI = {10.4007/annals.2003.158.1},
       %URL = {https://doi.org/10.4007/annals.2003.158.1},
}


@article {VanDerKallen,
    AUTHOR = {van der Kallen, Wilberd},
     TITLE = {Descent for the {$K$}-theory of polynomial rings},
   JOURNAL = {Math. Z.},
  FJOURNAL = {Mathematische Zeitschrift},
    VOLUME = {191},
      YEAR = {1986},
    NUMBER = {3},
     PAGES = {405--415},
       %DOI = {10.1007/BF01162716},
       %URL = {https://doi.org/10.1007/BF01162716},
}

@article {Borger,
    AUTHOR = {Borger, James},
     TITLE = {The basic geometry of {W}itt vectors, {I}: {T}he affine case},
   JOURNAL = {Algebra Number Theory},
  FJOURNAL = {Algebra \& Number Theory},
    VOLUME = {5},
      YEAR = {2011},
    NUMBER = {2},
     PAGES = {231--285},
       %DOI = {10.2140/ant.2011.5.231},
       %URL = {https://doi.org/10.2140/ant.2011.5.231},
}

@misc{Purity,
      title={Purity for flat cohomology}, 
      author={\v{C}esnavi\v{c}ius, K\k{e}stutis and Scholze, Peter},
      year={2021},
      eprint={1912.10932},
      archivePrefix={arXiv},
      primaryClass={math.AG}
}

@book {HTT,
    shorthand={L\vphantom{1}-\vphantom{1}HTT},
    AUTHOR = {Lurie, Jacob},
     TITLE = {Higher topos theory},
    SERIES = {Annals of Mathematics Studies},
    volume = {170},
 PUBLISHER = {Princeton University Press, Princeton, NJ},
      YEAR = {2009},
     PAGES = {xviii+ 925},
      addendum = {Available at \url{http://people.math.harvard.edu/~lurie/papers/HTT.pdf}},
   COUNTER = {theorem},
}

@misc{HA,
    SHORTHAND = {L\vphantom{1}-\vphantom{2}HA},
       AUTHOR = {Lurie, Jacob},
        TITLE = {Higher Algebra},
 %HOWPUBLISHED = {Available at \url{http://people.math.harvard.edu/~lurie/papers/HA.pdf}},
         YEAR = {2017},
         addendum = {Available at \url{http://people.math.harvard.edu/~lurie/papers/HA.pdf}},
}

@misc{SAG,
	author = {Lurie, Jacob},
	shorthand = {L-SAG},
	title = {Spectral Algebraic Geometry (Under Construction)},
	howpublished = {Available at \url{https://www.math.ias.edu/~lurie/papers/SAG-rootfile.pdf}},
	year = {Unfinished textbook, last update: February 2018.},
	%url = {https://www.math.ias.edu/~lurie/papers/SAG-rootfile.pdf},
}

@article {BMS2,
    AUTHOR = {Bhatt, Bhargav and Morrow, Matthew and Scholze, Peter},
     TITLE = {Topological {H}ochschild homology and integral {$p$}-adic
              {H}odge theory},
   JOURNAL = {Publ. Math. Inst. Hautes \'{E}tudes Sci.},
  FJOURNAL = {Publications Math\'{e}matiques. Institut de Hautes \'{E}tudes
              Scientifiques},
    VOLUME = {129},
      YEAR = {2019},
     PAGES = {199--310},
       %DOI = {10.1007/s10240-019-00106-9},
       %URL = {https://doi.org/10.1007/s10240-019-00106-9},
}

@book {IllusieCotangentI,
    AUTHOR = {Illusie, Luc},
     TITLE = {Complexe cotangent et d\'{e}formations. {I}},
    SERIES = {Lecture Notes in Mathematics},
    VOLUME = {239},
 PUBLISHER = {Springer-Verlag, Berlin-New York},
      YEAR = {1971},
     PAGES = {xv+355},
}

@article {BeauvilleLaszlo,
    AUTHOR = {Beauville, Arnaud and Laszlo, Yves},
     TITLE = {Un lemme de descente},
   JOURNAL = {C. R. Acad. Sci. Paris S\'{e}r. I Math.},
  FJOURNAL = {Comptes Rendus de l'Acad\'{e}mie des Sciences. S\'{e}rie I.
              Math\'{e}matique},
    VOLUME = {320},
      YEAR = {1995},
    NUMBER = {3},
     PAGES = {335--340},
}

@article {Joyal,
    AUTHOR = {Joyal, Andr\'{e}},
     TITLE = {{$\delta$}-anneaux et vecteurs de {W}itt},
   JOURNAL = {C. R. Math. Rep. Acad. Sci. Canada},
  FJOURNAL = {La Soci\'{e}t\'{e} Royale du Canada. L'Academie des Sciences. Comptes
              Rendus Math\'{e}matiques. (Mathematical Reports)},
    VOLUME = {7},
      YEAR = {1985},
    NUMBER = {3},
     PAGES = {177--182},
}

@article {Jackson,
    AUTHOR = {Jackson, Frank H.},
     TITLE = {{$q$}-{D}ifference {E}quations},
   JOURNAL = {Amer. J. Math.},
  FJOURNAL = {American Journal of Mathematics},
    VOLUME = {32},
      YEAR = {1910},
    NUMBER = {4},
     PAGES = {305--314},
       %DOI = {10.2307/2370183},
       %URL = {https://doi.org/10.2307/2370183},
}

@article {AomotoI,
    AUTHOR = {Aomoto, Kazuhiko},
     TITLE = {{$q$}-analogue of de {R}ham cohomology associated with
              {J}ackson integrals. {I}},
   JOURNAL = {Proc. Japan Acad. Ser. A Math. Sci.},
  FJOURNAL = {Japan Academy. Proceedings. Series A. Mathematical Sciences},
    VOLUME = {66},
      YEAR = {1990},
    NUMBER = {7},
     PAGES = {161--164},
       %URL = {http://projecteuclid.org/euclid.pja/1195512394},
}

@article {Pridham,
    AUTHOR = {Pridham, Jonathan P.},
     TITLE = {On {$q$}-de {R}ham cohomology via {$\Lambda$}-rings},
   JOURNAL = {Math. Ann.},
  FJOURNAL = {Mathematische Annalen},
    VOLUME = {375},
      YEAR = {2019},
    NUMBER = {1--2},
     PAGES = {425--452},
       %DOI = {10.1007/s00208-019-01806-7},
       %URL = {https://doi.org/10.1007/s00208-019-01806-7},
}

@article {Habiro,
    AUTHOR = {Habiro, Kazuo},
     TITLE = {Cyclotomic completions of polynomial rings},
   JOURNAL = {Publ. Res. Inst. Math. Sci.},
  FJOURNAL = {Kyoto University. Research Institute for Mathematical
              Sciences. Publications},
    VOLUME = {40},
      YEAR = {2004},
    NUMBER = {4},
     PAGES = {1127--1146},
       %URL = {http://projecteuclid.org/euclid.prims/1145475444},
}

@incollection {HabiroInvariants,
    AUTHOR = {Habiro, Kazuo},
     TITLE = {On the quantum {$\mathfrak{sl}_2$} invariants of knots and integral
              homology spheres},
 BOOKTITLE = {Invariants of knots and 3-manifolds},
    SERIES = {Geometry \&\ Topology Monographs},
    VOLUME = {4, pp.\ 55--68},
     %PAGES = {55--68},
 PUBLISHER = {Geometry \&\ Topology Publications, Coventry},
      YEAR = {2002},
       %DOI = {10.2140/gtm.2002.4.55},
       %URL = {https://doi.org/10.2140/gtm.2002.4.55},
}

@incollection {Manin,
    AUTHOR = {Manin, Yuri I.},
     TITLE = {Cyclotomy and analytic geometry over {$\mathbb F_1$}},
 BOOKTITLE = {Quanta of maths},
    SERIES = {Clay Mathematical Proceedings},
    VOLUME = {11},
     PAGES = {385--408},
 PUBLISHER = {American Mathematical Society, Providence, RI},
      YEAR = {2010},
}

@misc{Condensed,
  author = {Clausen, Dustin and Scholze, Peter},
  title = {Lectures on Condensed Mathematics},
  year = {2019},
  howpublished = {Available at \url{https://people.mpim-bonn.mpg.de/scholze/Condensed.pdf}},
}

@misc{Complex,
  author = {Clausen, Dustin and Scholze, Peter},
  title = {Condensed Mathematics and Complex Geometry},
  year = {2022},
  howpublished = {Available at \url{people.mpim-bonn.mpg.de/scholze/Complex.pdf}},
}

@article {BalmerFavi,
    AUTHOR = {Balmer, Paul and Favi, Giordano},
     TITLE = {Generalized tensor idempotents and the telescope conjecture},
   JOURNAL = {Proc. Lond. Math. Soc. (3)},
  FJOURNAL = {Proceedings of the London Mathematical Society. Third Series},
    VOLUME = {102},
      YEAR = {2011},
    NUMBER = {6},
     PAGES = {1161--1185},
       %DOI = {10.1112/plms/pdq050},
}

@article {BalmerKrauseStevenson,
    AUTHOR = {Balmer, Paul and Krause, Henning and Stevenson, Greg},
     TITLE = {The frame of smashing tensor-ideals},
   JOURNAL = {Math. Proc. Cambridge Philos. Soc.},
  FJOURNAL = {Mathematical Proceedings of the Cambridge Philosophical
              Society},
    VOLUME = {168},
      YEAR = {2020},
    NUMBER = {2},
     PAGES = {323--343},
       %DOI = {10.1017/s0305004118000725},
}

@book {sga4.2,
	SHORTHAND = {SGA$_{4/2}$},
	author = {Grothendieck, Alexander, and Artin, Michael, and Verdier, Jean-Louis and Bourbaki, Nicolas and Deligne, Pierre and Bernard, Saint-Donat},
	TITLE = {Th\'{e}orie des topos et cohomologie \'{e}tale des sch\'{e}mas, {T}ome 2},
    SERIES = {Lecture Notes in Mathematics, vol.\ 270},
      %NOTE = {S\'{e}minaire de G\'{e}om\'{e}trie Alg\'{e}brique du Bois-Marie 1963--1964 (SGA 4)},
 PUBLISHER = {Springer-Verlag, Berlin-New York},
      YEAR = {1972},
     %PAGES = {iv+418},
}

@book {ResiduesAndDuality,
    AUTHOR = {Hartshorne, Robin},
     TITLE = {Residues and duality},
    SERIES = {Lecture Notes in Mathematics, No. 20},
      NOTE = {Lecture notes of a seminar on the work of A. Grothendieck,
              given at Harvard 1963/64,
              With an appendix by P. Deligne},
 PUBLISHER = {Springer-Verlag, Berlin-New York},
      YEAR = {1966},
     PAGES = {vii+423},
}

@article {KProjective,
    AUTHOR = {Spaltenstein, Nicolas},
     TITLE = {Resolutions of unbounded complexes},
  JOURNAL = {Compositio Mathematica},
    VOLUME = {65},
      YEAR = {1988},
    NUMBER = {2},
     PAGES = {121--154},
       addendum = {Available at \url{http://www.numdam.org/item?id=CM_1988__65_2_121_0}},
}

@book {HoveyModelCategories,
    AUTHOR = {Hovey, Mark},
     TITLE = {Model categories},
    SERIES = {Mathematical Surveys and Monographs},
    VOLUME = {63},
 PUBLISHER = {American Mathematical Society, Providence, RI},
      YEAR = {1999},
     PAGES = {xii+209},
     addendum = {Available at \url{https://people.math.rochester.edu/faculty/doug/otherpapers/hovey-model-cats.pdf}},
}

@misc{HeutsStraightening,
      shorthand={FHR21},
      title={A short proof of the straightening equivalence},
      author={Hebestreit, Fabian and Heuts, Gijts, and Ruit, Jaco},
      year={2021},
      eprint={2111.00069},
      archivePrefix={arXiv},
      primaryClass={math.AG}
}

@book {Cisinski,
    AUTHOR = {Cisinski, Denis-Charles},
     TITLE = {Higher categories and homotopical algebra},
    SERIES = {Cambridge Studies in Advanced Mathematics},
    VOLUME = {180},
 PUBLISHER = {Cambridge University Press, Cambridge},
      YEAR = {2019},
     PAGES = {xviii+430},
     addendum = {Available at \url{https://cisinski.app.uni-regensburg.de/CatLR.pdf}},
}


@misc{HigherCatsI,
    shorthand={F-HC$_{\text{I}}$},
    author = {Hebestreit, Fabian},
    title = {{H}igher {C}ategories {I}},
    note = {lecture course held at the University of Bonn},
    year = {winter term 2019/20},
    addendum = {Lecture notes available at \url{https://sites.google.com/view/fabian-hebestreit/home/lecture-notes}},
}

@misc{HigherCatsII,
    shorthand={F-HC$_{\text{II}}$},
    author = {Hebestreit, Fabian},
    title = {{H}igher {C}ategories {II}},
    note = {lecture course held at the {U}niversity of {B}onn},
    year = {summer term 2020},
    addendum = {Lecture notes available at \url{https://sites.google.com/view/fabian-hebestreit/home/lecture-notes}},
}

@misc{KTheory,
    shorthand={F-KTh},
    author = {Hebestreit, Fabian},
    title = {{A}lgebraic and {H}ermitian $K$-Theory},
    note = {lecture course held at the {U}niversity of {B}onn},
    year = {winter term 2020/21},
    addendum = {Typed lecture notes available at \url{https://florianadler.github.io/AlgebraBonn/KTheory.pdf}},
}

@book {Land,
    shorthand = {L\vphantom{0}an21},
    AUTHOR = {Land, Markus},
     TITLE = {Introduction to {I}nfinity-{C}ategories},
    SERIES = {Compact Textbooks in Mathematics},
 PUBLISHER = {Birkh\"{a}user/Springer, Cham},
      YEAR = {2021},
     PAGES = {ix+296},
       addendum = {Available at \url{https://doi.org/10.1007/978-3-030-61524-6}},
}

@book {Hatcher,
    AUTHOR = {Hatcher, Allen},
     TITLE = {Algebraic topology},
 PUBLISHER = {Cambridge University Press, Cambridge},
      YEAR = {2002},
     PAGES = {xii+544},
     addendum = {Available at \url{https://pi.math.cornell.edu/~hatcher/AT/AT.pdf}},
}

@book {RiehlVerity,
    AUTHOR = {Riehl, Emily and Verity, Dominic},
     TITLE = {Elements of {$\infty$}-category theory},
    SERIES = {Cambridge Studies in Advanced Mathematics},
    VOLUME = {194},
 PUBLISHER = {Cambridge University Press, Cambridge},
      YEAR = {2022},
     PAGES = {xix+759},
     addendum = {Available at \url{https://math.jhu.edu/~eriehl/elements.pdf}},
}

@article {JoyalLifting,
    AUTHOR = {Joyal, Andr\'{e}},
     TITLE = {Quasi-categories and {K}an complexes},
      NOTE = {special volume celebrating the 70th birthday of Professor Max
              Kelly},
   JOURNAL = {Journal of Pure and Applied Algebra},
    VOLUME = {175},
      YEAR = {2002},
    NUMBER = {1--3},
     PAGES = {207--222},
       addendum = {Available at \url{https://people.math.rochester.edu/faculty/doug/otherpapers/Joyal-QCKC.pdf}},
}

@article {CordierPorter,
    AUTHOR = {Cordier, Jean-Marc and Porter, Timothy},
     TITLE = {Vogt's theorem on categories of homotopy coherent diagrams},
   JOURNAL = {Math. Proc. Cambridge Philos. Soc.},
  FJOURNAL = {Mathematical Proceedings of the Cambridge Philosophical
              Society},
    VOLUME = {100},
      YEAR = {1986},
    NUMBER = {1},
     PAGES = {65--90},
       addendum = {Available at \url{https://doi.org/10.1017/S0305004100065877}},
}

@book {BoardmanVogt,
    AUTHOR = {Boardman, Michael and Vogt, Rainer},
     TITLE = {Homotopy invariant algebraic structures on topological spaces},
    SERIES = {Lecture Notes in Mathematics},
    VOLUME = {347},
 PUBLISHER = {Springer-Verlag, Berlin-New York},
      YEAR = {1973},
     PAGES = {x+257},
   MRCLASS = {55D35},
  MRNUMBER = {420609},
MRREVIEWER = {J.\ Stasheff},
}

@misc{AchimFabian,
      shorthand={FK20},
      title={Mapping spaces in homotopy coherent nerves},
      author={Hebestreit, Fabian and Krause, Achim},
      year={2020},
      eprint={2011.09345},
      archivePrefix={arXiv},
      primaryClass={math.AT}
}

@book {GoerssJardine,
    AUTHOR = {Goerss, Paul G. and Jardine, John F.},
     TITLE = {Simplicial homotopy theory},
    SERIES = {Progress in Mathematics},
    VOLUME = {174},
 PUBLISHER = {Birkh\"{a}user Verlag, Basel},
      YEAR = {1999},
     PAGES = {xvi+510},
     addendum = {Available at \url{http://dodo.pdmi.ras.ru/~topology/books/goerss-jardine.pdf}},
}

@book {OlssonStacks,
    AUTHOR = {Olsson, Martin},
     TITLE = {Algebraic spaces and stacks},
    SERIES = {American Mathematical Society Colloquium Publications},
    VOLUME = {62},
 PUBLISHER = {American Mathematical Society, Providence, RI},
      YEAR = {2016},
     PAGES = {xi+298},
       %URL = {https://doi.org/10.1090/coll/062},
}

@misc{JoyalQuasiCategoriesAndApplications,
    author = {Joyal, Andr\'{e}},
    title = {The Theory of Quasi-Categories and its Applications},
    note = {lecture course held at the {C}entre de Recerca Matem\`{a}tica {B}arcelona},
    year = {2008},
    addendum = {Available at \url{https://mat.uab.cat/~kock/crm/hocat/advanced-course/Quadern45-2.pdf}},
}

@article {Stasheff,
    AUTHOR = {Stasheff, James},
     TITLE = {Homotopy associativity of {$H$}-spaces. {I}, {II}},
   JOURNAL = {Trans. Amer. Math. Soc.},
  FJOURNAL = {Transactions of the American Mathematical Society},
    VOLUME = {108},
      YEAR = {1963},
     PAGES = {275--312},
       addendum = {Available at \url{https://doi.org/10.1090/s0002-9947-1963-0158400-5}},
}

@article {JoyalTierney,
    AUTHOR = {Joyal, André and Tierney, Myles},
     TITLE = {Quasi-categories vs {S}egal spaces},
 BOOKTITLE = {Categories in algebra, geometry and mathematical physics},
    SERIES = {Contemporary Mathematics},
    VOLUME = {431},
     PAGES = {277--326},
 PUBLISHER = {American Mathematical Society, Providence, RI},
      YEAR = {2007},
      eprint={math/0607820},
      archivePrefix={arXiv},
      primaryClass={math.AT}
}

@misc{LurieGoodwillieCalculus,
        title={$(\infty,2)$-categories and the {G}oodwillie calculus {I}},
      author={Lurie, Jacob},
      year={2009},
      addendum= {Available at \url{https://www.math.ias.edu/~lurie/papers/GoodwillieI.pdf}},
}

@misc{RezkEquifibrancy,
        title={When are homotopy colimits compatible with homotopy base change?},
      author={Rezk, Charles},
      year={2014},
      addendum= {Available at \url{https://rezk.web.illinois.edu/i-hate-the-pi-star-kan-condition.pdf}},
}

@book {AdamekRosicky,
    AUTHOR = {Adamek, Ji\v{r}í and Rosicky, Ji\v{r}í},
     TITLE = {Locally presentable and accessible categories},
    SERIES = {London Mathematical Society Lecture Note Series},
    VOLUME = {189},
 PUBLISHER = {Cambridge University Press, Cambridge},
      YEAR = {1994},
     PAGES = {xiv+316},
}

@article {AdjointFunctorTheorems,
    AUTHOR = {Nguyen, Hoang Kim and Raptis, George and Schrade, Christoph},
     TITLE = {Adjoint functor theorems for {$\infty$}-categories},
   JOURNAL = {J. Lond. Math. Soc. (2)},
  FJOURNAL = {Journal of the London Mathematical Society. Second Series},
    VOLUME = {101},
      YEAR = {2020},
    NUMBER = {2},
     PAGES = {659--681},
      eprint={1803.01664},
      archivePrefix={arXiv},
      primaryClass={math.AT}
}

@misc{ReflectionTheorem,
      title={The $\infty$-Categorical Reflection Theorem and Applications},
      author={Ragimov, Shaul and Schlank, Tomer},
      year={2022},
      eprint={2207.09244},
      archivePrefix={arXiv},
      primaryClass={math.AT}
}

@misc{FabianRezkNerve,
      shorthand = {FS23},
      title={A short proof that {R}ezk's nerve is fully faithful},
      author={Hebestreit, Fabian and Steinebrunner, Jan},
      year={2023},
      eprint={2312.09889},
      archivePrefix={arXiv},
      primaryClass={math.CT}
}

@misc{RamziPushouts,
      shorthand={Ram},
      title={Fun with pushouts},
      author={Ramzi, Maxime},
      addendum={Available at \url{https://sites.google.com/view/maxime-ramzi-en/notes/fun-with-pushouts}},
}
